<record><leader>00000cas a22000007a 4500</leader><controlfield tag="001">19729682</controlfield><controlfield tag="008">890518d19331936mouwr ne      0    0eng d</controlfield><datafield ind1=" " ind2=" " tag="010"><subfield code="a">sn 89066346 </subfield></datafield><datafield ind1=" " ind2=" " tag="040"><subfield code="a">MQN</subfield><subfield code="b">eng</subfield><subfield code="c">MQN</subfield><subfield code="d">OCLCQ</subfield></datafield><datafield ind1=" " ind2=" " tag="042"><subfield code="a">msc</subfield></datafield><datafield ind1="0" ind2=" " tag="130"><subfield code="a">Chillicothe news (Chillicothe, Mo. : 1933)</subfield></datafield><datafield ind1="1" ind2="4" tag="245"><subfield code="a">The Chillicothe news.</subfield></datafield><datafield ind1=" " ind2=" " tag="260"><subfield code="a">Chillicothe, Mo. :</subfield><subfield code="b">Kathryn M. Sailor,</subfield><subfield code="c">1933-1936.</subfield></datafield><datafield ind1=" " ind2=" " tag="300"><subfield code="a">v.</subfield></datafield><datafield ind1=" " ind2=" " tag="310"><subfield code="a">Semiweekly,</subfield><subfield code="b">Dec. 23, 1935-Jan. 3, 1936</subfield></datafield><datafield ind1=" " ind2=" " tag="321"><subfield code="a">Semiweekly,</subfield><subfield code="b">June 6, 1933-June 28, 1934</subfield></datafield><datafield ind1=" " ind2=" " tag="321"><subfield code="a">Triweekly,</subfield><subfield code="b">July 3, 1934-Dec. 20, 1935</subfield></datafield><datafield ind1="0" ind2=" " tag="362"><subfield code="a">Vol. 11, no. 68 (June 6, 1933)-v. 13, no. 1 (Jan. 3, 1936).</subfield></datafield><datafield ind1=" " ind2=" " tag="515"><subfield code="a">Vol. 11, no. 68 is repeated in numbering from preceding title.</subfield></datafield><datafield ind1=" " ind2="4" tag="651"><subfield code="a">Chillicothe (Mo.)</subfield><subfield code="v">Newspapers.</subfield></datafield><datafield ind1=" " ind2=" " tag="752"><subfield code="a">United States</subfield><subfield code="b">Missouri</subfield><subfield code="c">Livingston</subfield><subfield code="d">Chillicothe.</subfield></datafield><datafield ind1="0" ind2="0" tag="780"><subfield code="t">Chillicothe news and the Chula chronicle</subfield><subfield code="w">(DLC)sn 89066345</subfield></datafield><datafield ind1="0" ind2="4" tag="785"><subfield code="t">Chillicothe constitution-tribune</subfield><subfield code="w">(DLC)sn 84008008</subfield></datafield><datafield ind1="1" ind2=" " tag="029"><subfield code="a">AU@</subfield><subfield code="b">000020555307</subfield></datafield></record>